% This file was created with JabRef 2.7.2.
% Encoding: UTF-8

@BOOK{coddington1955theory,
  title = {Theory of ordinary differential equations},
  publisher = {McGraw-Hill},
  year = {1955},
  author = {Coddington, E.A. and Levinson, N.},
  owner = {hiroyuki},
  timestamp = {2012.01.28}
}

@ARTICLE{grzegorczyk1955computable,
  author = {Grzegorczyk, A.},
  title = {Computable functionals},
  journal = {Fund. Math},
  year = {1955},
  volume = {42},
  pages = {168--202},
  number = {19553},
  owner = {hiroyuki},
  timestamp = {2012.01.28}
}

@MISC{kawamura2010complexity,
  author = {Kawamura, A.},
  title = {Complexity of initial value problems},
  year = {2010},
  owner = {hiroyuki},
  publisher = {Submitted},
  timestamp = {2012.01.28}
}

@ARTICLE{kawamura2010lipschitz,
  author = {Kawamura, A.},
  title = {Lipschitz continuous ordinary differential equations are polynomial-space
	complete},
  journal = {Computational Complexity},
  year = {2010},
  volume = {19},
  pages = {305--332},
  number = {2},
  owner = {hiroyuki},
  publisher = {Springer},
  timestamp = {2011.12.21}
}

@BOOK{ko1991complexity,
  title = {Complexity theory of real functions},
  publisher = {Birkhauser Boston Inc.},
  year = {1991},
  author = {Ko, K.I.},
  owner = {hiroyuki},
  timestamp = {2012.01.06}
}

@ARTICLE{ko1983computational,
  author = {Ko, K.I.},
  title = {On the computational complexity of ordinary differential equations},
  journal = {Information and Control},
  year = {1983},
  volume = {58},
  pages = {157--194},
  number = {1-3},
  owner = {hiroyuki},
  publisher = {Elsevier},
  timestamp = {2011.12.21}
}

@ARTICLE{ko1988computing,
  author = {Ko, K.I. and Friedman, H.},
  title = {Computing power series in polynomial time},
  journal = {Advances in Applied Mathematics},
  year = {1988},
  volume = {9},
  pages = {40--50},
  number = {1},
  owner = {hiroyuki},
  publisher = {Elsevier},
  timestamp = {2012.01.28}
}

@ARTICLE{miller1970recursive,
  author = {Miller, W.},
  title = {Recursive function theory and numerical analysis},
  journal = {Journal of Computer and System Sciences},
  year = {1970},
  volume = {4},
  pages = {465--472},
  number = {5},
  owner = {hiroyuki},
  publisher = {Elsevier},
  timestamp = {2012.01.28}
}

@ARTICLE{pour1979computable,
  author = {Pour-el, M.B. and Richards, I.},
  title = {A computable ordinary differential equation which possesses no computable
	solution},
  journal = {Annals of Mathematical Logic},
  year = {1979},
  volume = {17},
  pages = {61--90},
  number = {1-2},
  owner = {hiroyuki},
  publisher = {Elsevier},
  timestamp = {2012.01.28}
}

@MISC{todo,
  author = {TODO},
  owner = {hiroyuki},
  timestamp = {2012.01.28}
}

@ARTICLE{toran1991complexity,
  author = {Tor{\'a}n, J.},
  title = {Complexity classes defined by counting quantifiers},
  journal = {Journal of the ACM (JACM)},
  year = {1991},
  volume = {38},
  pages = {752--773},
  number = {3},
  owner = {hiroyuki},
  publisher = {ACM},
  timestamp = {2012.03.03}
}

@ARTICLE{wagner1986complexity,
  author = {Wagner, K.W.},
  title = {The complexity of combinatorial problems with succinct input representation},
  journal = {Acta Informatica},
  year = {1986},
  volume = {23},
  pages = {325--356},
  number = {3},
  owner = {hiroyuki},
  publisher = {Springer},
  timestamp = {2012.03.03}
}

@BOOK{weihrauch00:_comput_analy,
  title = {Computable Analysis: An Introduction},
  publisher = {Springer},
  year = {2000},
  author = {Weihrauch, Klaus},
  series = {Texts in Theoretical Computer Science}
}

@BOOK{takagi1968analysis,
  title = {解析概論},
  publisher = {岩波書店},
  year = {1968},
  author = {高木貞治},
  owner = {hiroyuki},
  timestamp = {2012.01.25}
}

@comment{jabref-meta: selector_review:}

@comment{jabref-meta: selector_publisher:}

@comment{jabref-meta: selector_author:}

@comment{jabref-meta: selector_journal:}

@comment{jabref-meta: selector_keywords:}

